% This file was created with JabRef 2.9b2.
% Encoding: ISO8859_1

@ARTICLE{Geim2001,
  author = {Geim, A. K. and ter Tisha, H. A. M. S.},
  title = {Detection of earth rotation with a diamagnetically levitating gyroscope},
  journal = {Physica B: Condensed Matter},
  year = {2001},
  volume = {294--295},
  pages = {736--739},
  doi = {10.1016/S0921-4526(00)00753-5},
  quality = {1}
}

@online{GNU_MAILING_CLOCK_REC,
	ALTauthor = {Andy Walls},
	ALTeditor = {editor},
	title = {Burst FSK Receiver Clock Synchronization Problems},
	date = {20 March,2016},
	url = {https://lists.gnu.org/archive/html/discuss-gnuradio/2015-12/msg00075.html},
	OPTsubtitle = {subtitle},
	OPTtitleaddon = {titleaddon},
	OPTlanguage = {language},
	OPTversion = {version},
	OPTnote = {note},
	OPTorganization = {organization},
	OPTdate = {date},
	OPTmonth = {month},
	OPTyear = {year},
	OPTaddendum = {addendum},
	OPTpubstate = {pubstate},
	OPTurldate = {urldate},
}
