% This file was created with JabRef 2.9b2.
% Encoding: ISO8859_1


@online{802_11_b,
	ALTauthor = {author},
	ALTeditor = {editor},
	title = {title},
	date = {date},
	url = {http://www.radio-electronics.com/info/wireless/wi-fi/ieee-802-11b.php},
	OPTsubtitle = {subtitle},
	OPTtitleaddon = {titleaddon},
	OPTlanguage = {language},
	OPTversion = {version},
	OPTnote = {note},
	OPTorganization = {organization},
	OPTdate = {date},
	OPTmonth = {month},
	OPTyear = {year},
	OPTaddendum = {addendum},
	OPTpubstate = {pubstate},
	OPTurldate = {urldate},
}

@online{CSMADevices,
	ALTauthor = {author},
	ALTeditor = {editor},
	title = {NS-3 CSMA block description},
	date = {date},
	url = {https://www.nsnam.org/docs/release/3.13/models/html/csma.html},
	OPTsubtitle = {subtitle},
	OPTtitleaddon = {titleaddon},
	OPTlanguage = {language},
	OPTversion = {version},
	OPTnote = {note},
	OPTorganization = {organization},
	OPTdate = {date},
	OPTmonth = {month},
	OPTyear = {year},
	OPTaddendum = {addendum},
	OPTpubstate = {pubstate},
	OPTurldate = {urldate},
}

